<?xml version="1.0" encoding="UTF-8"?><record xmlns="http://www.loc.gov/MARC21/slim" xmlns:cinclude="http://apache.org/cocoon/include/1.0" xmlns:zs="http://www.loc.gov/zing/srw/">
  <leader>00473nz  a2200133n  4500</leader>
  <controlfield tag="001">n  88637722 </controlfield>
  <controlfield tag="003">DLC</controlfield>
  <controlfield tag="005">19880519151335.9</controlfield>
  <controlfield tag="008">880519n| acannaab|          |n aaa |||  </controlfield>
  <datafield tag="010" ind1=" " ind2=" ">
    <subfield code="a">n  88637722 </subfield>
  </datafield>
  <datafield tag="040" ind1=" " ind2=" ">
    <subfield code="a">DLC</subfield>
    <subfield code="c">DLC</subfield>
    <subfield code="d">DLC</subfield>
  </datafield>
  <datafield tag="100" ind1="1" ind2="0">
    <subfield code="a">McDannold, Thomas A.</subfield>
  </datafield>
  <datafield tag="670" ind1=" " ind2=" ">
    <subfield code="a">Matley, B.A. National computer policies, c1987:</subfield>
    <subfield code="b">t.p. (Thomas A. McDannold) p. 172 (professor of geography at Ventura College, Ventura, Calif.)</subfield>
  </datafield>
  <datafield tag="670" ind1=" " ind2=" ">
    <subfield code="a">LC data base, 5/19/88</subfield>
    <subfield code="b">(hdg.: McDannold, Thomas A.)</subfield>
  </datafield>
</record>